2017-10-13 14:22:44  [ main:0 ] - [ INFO ]  ltc_btc-testTicker url: http://ttapi.zb.com/data/v1/ticker?market=ltc_btc
2017-10-13 14:22:44  [ main:10 ] - [ INFO ]  ltc_btc-testTicker 结果: {"ticker":{"vol":"40.463","last":"0.899999","sell":"0.5","buy":"0.225","high":"0.899999","low":"0.081"},"date":"1507875747359"}

2017-10-13 14:23:46  [ main:0 ] - [ INFO ]  ltc_btc-testDepth url: http://ttapi.zb.com/data/v1/depth?market=ltc_btc
2017-10-13 14:23:46  [ main:14 ] - [ INFO ]  ltc_btc-testDepth 结果: {"timestamp":1507875808,"asks":[[1,4],[0.9,4.002],[0.899999,525.974]],"bids":[[0.225,792.375],[0.12,1705.4166],[0.09,0.1],[0.080111,3999.99],[0.08,0.311],[0.048,9.97],[0.04,15197.998],[0.03,9.99],[0.02,1],[0.006,1],[0.005,0.995],[0.0001,0.1],[0.00002,0.0003],[0.000002,2],[0.000001,100.01]]}

2017-10-13 14:24:51  [ main:0 ] - [ INFO ]  etc_btc-testTrades url: http://ttapi.zb.com/data/v1/trades?market=etc_btc
2017-10-13 14:24:51  [ main:15 ] - [ INFO ]  etc_btc-testTrades 结果: [{"amount":"1","price":"0.05","tid":1,"type":"sell","date":1507616392,"trade_type":"ask"},{"amount":"1","price":"0.05","tid":2,"type":"sell","date":1507626144,"trade_type":"ask"},{"amount":"8","price":"0.05","tid":3,"type":"sell","date":1507627862,"trade_type":"ask"},{"amount":"2","price":"0.006666","tid":4,"type":"sell","date":1507627862,"trade_type":"ask"},{"amount":"1","price":"0.9","tid":7,"type":"buy","date":1507655119,"trade_type":"bid"},{"amount":"1","price":"0.6","tid":9,"type":"sell","date":1507688489,"trade_type":"ask"},{"amount":"1","price":"1","tid":10,"type":"buy","date":1507691588,"trade_type":"bid"},{"amount":"1","price":"0.01","tid":11,"type":"sell","date":1507698172,"trade_type":"ask"},{"amount":"0.01","price":"0.01999","tid":13,"type":"buy","date":1507711776,"trade_type":"bid"},{"amount":"0.09","price":"0.02","tid":14,"type":"buy","date":1507711776,"trade_type":"bid"},{"amount":"0.91","price":"0.02","tid":16,"type":"buy","date":1507711779,"trade_type":"bid"},{"amount":"1","price":"0.16","tid":17,"type":"sell","date":1507711837,"trade_type":"ask"},{"amount":"0.01","price":"0.018","tid":19,"type":"buy","date":1507712509,"trade_type":"bid"},{"amount":"0.1","price":"0.0161","tid":20,"type":"sell","date":1507712553,"trade_type":"ask"},{"amount":"0.1","price":"0.016","tid":21,"type":"sell","date":1507712553,"trade_type":"ask"},{"amount":"1","price":"0.017","tid":22,"type":"buy","date":1507729629,"trade_type":"bid"},{"amount":"0.01","price":"0.017","tid":24,"type":"buy","date":1507773793,"trade_type":"bid"},{"amount":"1","price":"0.0161","tid":25,"type":"sell","date":1507775824,"trade_type":"ask"},{"amount":"1","price":"0.017","tid":26,"type":"buy","date":1507775857,"trade_type":"bid"},{"amount":"0.29","price":"0.017","tid":27,"type":"buy","date":1507797101,"trade_type":"bid"},{"amount":"99.71","price":"0.017","tid":28,"type":"buy","date":1507797101,"trade_type":"bid"},{"amount":"0.29","price":"0.017","tid":29,"type":"buy","date":1507797126,"trade_type":"bid"},{"amount":"0.1","price":"0.018","tid":30,"type":"buy","date":1507797196,"trade_type":"bid"},{"amount":"1.89","price":"0.018","tid":31,"type":"buy","date":1507797418,"trade_type":"bid"},{"amount":"0.11","price":"0.019","tid":32,"type":"buy","date":1507797418,"trade_type":"bid"},{"amount":"0.89","price":"0.019","tid":34,"type":"buy","date":1507797421,"trade_type":"bid"},{"amount":"0.1","price":"0.6","tid":35,"type":"buy","date":1507797503,"trade_type":"bid"},{"amount":"0.01","price":"0.6","tid":36,"type":"buy","date":1507806331,"trade_type":"bid"},{"amount":"10.21","price":"0.02","tid":37,"type":"sell","date":1507816019,"trade_type":"ask"},{"amount":"99","price":"0.0161","tid":38,"type":"sell","date":1507816019,"trade_type":"ask"},{"amount":"100","price":"0.0161","tid":39,"type":"sell","date":1507816019,"trade_type":"ask"},{"amount":"62.4","price":"0.016","tid":40,"type":"sell","date":1507816019,"trade_type":"ask"},{"amount":"1","price":"0.015","tid":41,"type":"sell","date":1507816019,"trade_type":"ask"},{"amount":"8","price":"0.006666","tid":42,"type":"sell","date":1507816019,"trade_type":"ask"},{"amount":"0.017","price":"0.6","tid":44,"type":"buy","date":1507816022,"trade_type":"bid"},{"amount":"0.0001","price":"0.000001","tid":46,"type":"sell","date":1507816041,"trade_type":"ask"},{"amount":"0.873","price":"0.6","tid":51,"type":"buy","date":1507820005,"trade_type":"bid"},{"amount":"1","price":"0.65","tid":52,"type":"buy","date":1507820285,"trade_type":"bid"}]

2017-10-13 14:25:58  [ main:0 ] - [ INFO ]  etc_btc-testKline url: http://ttapi.zb.com/data/v1/kline?market=etc_btc&times=1min
2017-10-13 14:25:58  [ main:96 ] - [ INFO ]  etc_btc-testKline 结果: {"symbol":"etc","data":[[1507616340000,0.05,0.05,0.05,0.05,1],[1507626120000,0.05,0.05,0.05,0.05,1],[1507627860000,0.05,0.05,0.006666,0.006666,10],[1507655100000,0.9,0.9,0.9,0.9,1],[1507688460000,0.6,0.6,0.6,0.6,1],[1507691580000,1,1,1,1,1],[1507698120000,0.01,0.01,0.01,0.01,1],[1507711740000,0.01999,0.16,0.01999,0.16,2.01],[1507712460000,0.018,0.018,0.016,0.016,0.21],[1507729620000,0.017,0.017,0.017,0.017,1],[1507773780000,0.017,0.017,0.017,0.017,0.01],[1507775820000,0.0161,0.017,0.0161,0.017,2],[1507797060000,0.017,0.6,0.017,0.6,103.38],[1507806300000,0.6,0.6,0.6,0.6,0.01],[1507815960000,0.02,0.6,0.000001,0.000001,280.6271],[1507819500000,0.6,0.65,0.6,0.65,1.873]],"moneyType":"æ¯\u0094ç\u0089¹å¸\u0081"}
2017-10-13 14:26:18  [ main:0 ] - [ INFO ]  etc_btc-testKline url: http://ttapi.zb.com/data/v1/kline?market=etc_btc&times=1min
2017-10-13 14:26:18  [ main:91 ] - [ INFO ]  etc_btc-testKline 结果: {"symbol":"etc","data":[[1507616340000,0.05,0.05,0.05,0.05,1],[1507626120000,0.05,0.05,0.05,0.05,1],[1507627860000,0.05,0.05,0.006666,0.006666,10],[1507655100000,0.9,0.9,0.9,0.9,1],[1507688460000,0.6,0.6,0.6,0.6,1],[1507691580000,1,1,1,1,1],[1507698120000,0.01,0.01,0.01,0.01,1],[1507711740000,0.01999,0.16,0.01999,0.16,2.01],[1507712460000,0.018,0.018,0.016,0.016,0.21],[1507729620000,0.017,0.017,0.017,0.017,1],[1507773780000,0.017,0.017,0.017,0.017,0.01],[1507775820000,0.0161,0.017,0.0161,0.017,2],[1507797060000,0.017,0.6,0.017,0.6,103.38],[1507806300000,0.6,0.6,0.6,0.6,0.01],[1507815960000,0.02,0.6,0.000001,0.000001,280.6271],[1507819500000,0.6,0.65,0.6,0.65,1.873]],"moneyType":"æ¯\u0094ç\u0089¹å¸\u0081"}
2017-10-13 14:27:39  [ main:0 ] - [ INFO ]  etc_btc-testKline url: http://ttapi.zb.com/data/v1/kline?market=etc_btc&times=1min
2017-10-13 14:27:39  [ main:96 ] - [ INFO ]  etc_btc-testKline 结果: {"symbol":"etc","data":[[1507616340000,0.05,0.05,0.05,0.05,1],[1507626120000,0.05,0.05,0.05,0.05,1],[1507627860000,0.05,0.05,0.006666,0.006666,10],[1507655100000,0.9,0.9,0.9,0.9,1],[1507688460000,0.6,0.6,0.6,0.6,1],[1507691580000,1,1,1,1,1],[1507698120000,0.01,0.01,0.01,0.01,1],[1507711740000,0.01999,0.16,0.01999,0.16,2.01],[1507712460000,0.018,0.018,0.016,0.016,0.21],[1507729620000,0.017,0.017,0.017,0.017,1],[1507773780000,0.017,0.017,0.017,0.017,0.01],[1507775820000,0.0161,0.017,0.0161,0.017,2],[1507797060000,0.017,0.6,0.017,0.6,103.38],[1507806300000,0.6,0.6,0.6,0.6,0.01],[1507815960000,0.02,0.6,0.000001,0.000001,280.6271],[1507819500000,0.6,0.65,0.6,0.65,1.873]],"moneyType":"æ¯\u0094ç\u0089¹å¸\u0081"}
2017-10-13 14:28:10  [ main:0 ] - [ INFO ]  etc_btc-testKline url: http://ttapi.zb.com/data/v1/kline?market=etc_btc&times=1min
2017-10-13 14:28:10  [ main:93 ] - [ INFO ]  etc_btc-testKline 结果: {"symbol":"etc","data":[[1507616340000,0.05,0.05,0.05,0.05,1],[1507626120000,0.05,0.05,0.05,0.05,1],[1507627860000,0.05,0.05,0.006666,0.006666,10],[1507655100000,0.9,0.9,0.9,0.9,1],[1507688460000,0.6,0.6,0.6,0.6,1],[1507691580000,1,1,1,1,1],[1507698120000,0.01,0.01,0.01,0.01,1],[1507711740000,0.01999,0.16,0.01999,0.16,2.01],[1507712460000,0.018,0.018,0.016,0.016,0.21],[1507729620000,0.017,0.017,0.017,0.017,1],[1507773780000,0.017,0.017,0.017,0.017,0.01],[1507775820000,0.0161,0.017,0.0161,0.017,2],[1507797060000,0.017,0.6,0.017,0.6,103.38],[1507806300000,0.6,0.6,0.6,0.6,0.01],[1507815960000,0.02,0.6,0.000001,0.000001,280.6271],[1507819500000,0.6,0.65,0.6,0.65,1.873]],"moneyType":"æ¯\u0094ç\u0089¹å¸\u0081"}
2017-10-13 14:28:19  [ main:0 ] - [ INFO ]  etc_btc-testKline url: http://ttapi.zb.com/data/v1/kline?market=etc_btc&times=1min
2017-10-13 14:28:19  [ main:93 ] - [ INFO ]  etc_btc-testKline 结果: {"symbol":"etc","data":[[1507616340000,0.05,0.05,0.05,0.05,1],[1507626120000,0.05,0.05,0.05,0.05,1],[1507627860000,0.05,0.05,0.006666,0.006666,10],[1507655100000,0.9,0.9,0.9,0.9,1],[1507688460000,0.6,0.6,0.6,0.6,1],[1507691580000,1,1,1,1,1],[1507698120000,0.01,0.01,0.01,0.01,1],[1507711740000,0.01999,0.16,0.01999,0.16,2.01],[1507712460000,0.018,0.018,0.016,0.016,0.21],[1507729620000,0.017,0.017,0.017,0.017,1],[1507773780000,0.017,0.017,0.017,0.017,0.01],[1507775820000,0.0161,0.017,0.0161,0.017,2],[1507797060000,0.017,0.6,0.017,0.6,103.38],[1507806300000,0.6,0.6,0.6,0.6,0.01],[1507815960000,0.02,0.6,0.000001,0.000001,280.6271],[1507819500000,0.6,0.65,0.6,0.65,1.873]],"moneyType":"æ¯\u0094ç\u0089¹å¸\u0081"}
